@misc{sunnyas,
  title={SUNNY AS},
  author={Amadini},
  year={2015},
  note = {Available at \url{https://github.com/CP-Unibo/sunny-as}}
}

@misc{sunnyoasc,
  title={SUNNY-OASC},
  author={Liu},
  year={2017},
  note = {Available at \url{https://github.com/lteu/oasc}}
}


@proceedings{DBLP:conf/ictai/2015,
  title     = {27th {IEEE} International Conference on Tools with Artificial Intelligence,
               {ICTAI} 2015, Vietri sul Mare, Italy, November 9-11, 2015},
  publisher = {{IEEE} Computer Society},
  year      = {2015},
  url       = {http://ieeexplore.ieee.org/xpl/mostRecentIssue.jsp?punumber=7372093},
  isbn      = {978-1-5090-0163-7},
  timestamp = {Wed, 04 May 2016 12:16:59 +0200}
}

@ARTICLE{Kohavi97wrappersfor,
    author = {Ron Kohavi and George H. John},
    title = {Wrappers for Feature Subset Selection},
    journal = {ARTIFICIAL INTELLIGENCE},
    year = {1997},
    volume = {97},
    number = {1},
    pages = {273--324}
}

@inproceedings{DBLP:conf/lion/LindauerBH16,
  author    = {Marius Lindauer and
               Rolf{-}David Bergdoll and
               Frank Hutter},
  title     = {An Empirical Study of Per-instance Algorithm Scheduling},
  booktitle = {LION 10, Ischia, Italy, May 29 - June 1, 2016},
  year      = {2016},
  crossref  = {DBLP:conf/lion/2016},
  url       = {https://doi.org/10.1007/978-3-319-50349-3_20},
  doi       = {10.1007/978-3-319-50349-3_20}
}